<record><leader>00000cas a22000007a 4500</leader><controlfield tag="001">15635193</controlfield><controlfield tag="008">870505d19201923akudn ne      0    0eng  </controlfield><controlfield tag="009">466</controlfield><datafield ind1=" " ind2=" " tag="010"><subfield code="a">sn 87062168 </subfield></datafield><datafield ind1=" " ind2=" " tag="040"><subfield code="a">DLC</subfield><subfield code="b">eng</subfield><subfield code="c">DLC</subfield><subfield code="d">XYZ</subfield><subfield code="d">DLC</subfield><subfield code="d">OCLCF</subfield></datafield><datafield ind1=" " ind2=" " tag="042"><subfield code="a">msc</subfield></datafield><datafield ind1=" " ind2=" " tag="043"><subfield code="a">n-us-ak</subfield></datafield><datafield ind1="0" ind2="0" tag="050"><subfield code="a">Newspaper</subfield></datafield><datafield ind1="0" ind2=" " tag="130"><subfield code="a">Seward gateway (Seward, Alaska : 1920)</subfield></datafield><datafield ind1="1" ind2="4" tag="245"><subfield code="a">The Seward gateway.</subfield></datafield><datafield ind1=" " ind2=" " tag="260"><subfield code="a">Seward, Alaska :</subfield><subfield code="b">Gateway Pub. Co.,</subfield><subfield code="c">1920-1923.</subfield></datafield><datafield ind1=" " ind2=" " tag="300"><subfield code="a">4 v. :</subfield><subfield code="b">ill. ;</subfield><subfield code="c">56 cm.</subfield></datafield><datafield ind1=" " ind2=" " tag="310"><subfield code="a">Daily (except Sun.)</subfield><subfield code="b">Nov. 29, 1920-Feb. 26, 1921; Nov. 1921-Feb. 9, 1923</subfield></datafield><datafield ind1=" " ind2=" " tag="321"><subfield code="a">Weekly,</subfield><subfield code="b">Mar. 5-Nov. 1921</subfield></datafield><datafield ind1="1" ind2=" " tag="362"><subfield code="a">Vol. 14, no. 212 (Nov. 29, 1920)-Feb. 9, 1923.</subfield></datafield><datafield ind1=" " ind2=" " tag="500"><subfield code="a">Publisher: Hal B. Selby, &lt;Jan. 18, 1923&gt;-Feb. 9, 1923.</subfield></datafield><datafield ind1=" " ind2=" " tag="500"><subfield code="a">"Independent."</subfield></datafield><datafield ind1=" " ind2=" " tag="515"><subfield code="a">Numbering is irregular.</subfield></datafield><datafield ind1=" " ind2="0" tag="651"><subfield code="a">Seward (Alaska)</subfield><subfield code="v">Newspapers.</subfield></datafield><datafield ind1=" " ind2="7" tag="655"><subfield code="a">Newspapers.</subfield><subfield code="2">fast</subfield><subfield code="0">(OCoLC)fst01423814</subfield></datafield><datafield ind1=" " ind2="7" tag="651"><subfield code="a">Alaska</subfield><subfield code="z">Seward.</subfield><subfield code="2">fast</subfield><subfield code="0">(OCoLC)fst01221903</subfield></datafield><datafield ind1=" " ind2=" " tag="752"><subfield code="a">United States</subfield><subfield code="b">Alaska</subfield><subfield code="c">Seward</subfield><subfield code="d">Seward.</subfield></datafield><datafield ind1="0" ind2="0" tag="780"><subfield code="t">Seward gateway daily edition, and the Alaska weekly post</subfield><subfield code="w">(DLC)sn 87062016</subfield><subfield code="w">(OCoLC)15073596</subfield></datafield><datafield ind1="0" ind2="0" tag="785"><subfield code="t">Seward daily gateway</subfield><subfield code="w">(DLC)sn 87062169</subfield><subfield code="w">(OCoLC)8603701</subfield></datafield></record>